@book{asf,
  author         = {asdfasdf},
  editor         = {alican tuezuen},
  publisher      = {},
  title          = {Asadfasdf},
  year           = {1991}
}