@book{asf,
  author         = {asdfasdf},
  publisher      = {dfgsdg},
  title          = {Asadfasdf},
  year           = {1991}
}